<record><leader>00000cas a22000007a 4500</leader><controlfield tag="001">20642275</controlfield><controlfield tag="008">891113d19671977mouwr ne      0    0eng d</controlfield><datafield ind1=" " ind2=" " tag="010"><subfield code="a">sn 89067385 </subfield></datafield><datafield ind1=" " ind2=" " tag="040"><subfield code="a">MQN</subfield><subfield code="b">eng</subfield><subfield code="c">MQN</subfield><subfield code="d">OCLCQ</subfield></datafield><datafield ind1=" " ind2=" " tag="042"><subfield code="a">msc</subfield></datafield><datafield ind1="0" ind2="0" tag="245"><subfield code="a">Buchanan County farmer and Gower gazette.</subfield></datafield><datafield ind1=" " ind2=" " tag="260"><subfield code="a">St. Joseph, Mo. :</subfield><subfield code="b">H.T. Holloway,</subfield><subfield code="c">1967-1977.</subfield></datafield><datafield ind1=" " ind2=" " tag="300"><subfield code="a">v.</subfield></datafield><datafield ind1=" " ind2=" " tag="310"><subfield code="a">Weekly</subfield></datafield><datafield ind1="0" ind2=" " tag="362"><subfield code="a">Vol. 13, no. 9 (Mar. 17, 1967)-v. 23, no. 14 (Apr. 7, 1977).</subfield></datafield><datafield ind1=" " ind2=" " tag="752"><subfield code="a">United States</subfield><subfield code="b">Missouri</subfield><subfield code="c">Buchanan</subfield><subfield code="d">Saint Joseph.</subfield></datafield><datafield ind1=" " ind2=" " tag="752"><subfield code="a">United States</subfield><subfield code="b">Missouri</subfield><subfield code="c">Clinton</subfield><subfield code="d">Gower.</subfield></datafield><datafield ind1="0" ind2="4" tag="780"><subfield code="t">Buchanan County farmer (Saint Joseph, Mo. : 1954)</subfield><subfield code="w">(DLC)sn 89067384</subfield></datafield><datafield ind1="0" ind2="4" tag="780"><subfield code="t">Gower gazette</subfield></datafield><datafield ind1="0" ind2="0" tag="785"><subfield code="t">Buchanan County farmer (Saint Joseph, Mo. : 1977)</subfield><subfield code="w">(DLC)sn 89067386</subfield></datafield></record>